@book{Chambers_2000,
 author = {Chambers, John M.},
 year = {2000},
 title = {Programming with data: A guide to the S language},
 address = {New York, NY},
 edition = {3},
 publisher = {Springer},
}

@article{Chambers_2020,
 author = {Chambers, John M.},
 year = {2020},
 title = {S, R, and data science},
 pages = {1--17},
 volume = {4},
 number = {HOPL},
 issn = {2475-1421},
 journal = {Proceedings of the ACM on Programming Languages},
 doi = {10.1145/3386334},
 file = {Chambers 2020 - S, R, and data science:\\\\mac\\Home\\academiccloudsync\\CDS_computational_data_science 2020\\91_Literatur\\CDS_literatur\\Citavi Attachments\\Chambers 2020 - S, R, and data science.pdf:pdf}
}

@article{Cohen_1992,
 author = {Cohen, Jacob},
 year = {1992},
 title = {A power primer},
 pages = {155--159},
 volume = {112},
 number = {1},
 doi = {10.1037/0033-2909.112.1.155},
 journal = {Psychological Bulletin}
}


@misc{Matloff_2019,
 author = {Matloff, Norm},
 year = {2019},
 title = {TidyverseSkeptic},
 url = {https://github.com/matloff/TidyverseSkeptic}
}

@misc{McChesney_2020,
 author = {McChesney, Jasper},
 year = {2020},
 title = {A Thousand Gadgets: My Thoughts on the R Tidyverse},
 url = {https://towardsdatascience.com/a-thousand-gadgets-my-thoughts-on-the-r-tidyverse-2441d8504433},
 journal = {towards data science}
}

@book{Munzert_2015,
 author = {Munzert, Simon and Ruoba, Christin and Meiboner, Peter and Nyhuis, Dominic},
 year = {2015},
 title = {Automated Data Collection with R: A practical Guide to Web Scraping and Text Mining},
 address = {Chichester, United Kingdom},
 publisher = {{John Wiley {\&} Sons}},
}

@misc{Peng_2020,
 author = {Peng, Roger},
 year = {2020},
 title = {R Programming for Data Science},
 url = {https://bookdown.org/rdpeng/rprogdatascience/}
}

@book{Phillips_2018,
 author = {Phillips, Nathaniel D.},
 year = {2018},
 title = {YaRrr! The Pirate's Guide to R},
 url = {https://bookdown.org/ndphillips/YaRrr/}
}


@book{Wickham_2017,
 author = {Wickham, Hadley and Grolemund, Garrett},
 year = {2017},
 title = {R for Data Science: Import, tidy, transform, visualize, and model data},
 url = {http://r4ds.had.co.nz/},
 publisher = {{O'Reilly UK Ltd}},
 isbn = {978-1491910399}
}

@article{Brown_1974,
 author = {Brown, Morton B. and Forsythe, Alan B.},
 year = {1974},
 title = {Robust Tests for the Equality of Variances},
 pages = {364--367},
 volume = {69},
 number = {346},
 issn = {0162-1459},
 journal = {Journal of the American Statistical Association},
 doi = {10.1080/01621459.1974.10482955}
}




